
@webpage{elisaweb3,
  title = {Practica3},
	Url = {https://elisa.dyndns-web.com/teaching/comp/par/p3.html},
	Year = 2019,
author = {Elisa Schaeffer}
}

@webpage{elisaweb4,
  title = {Practica 4},
	Url = {https://elisa.dyndns-web.com/teaching/comp/par/p4.html},
	Year = 2019,
author = {Elisa Schaeffer}
}

@webpage{picandoconr,
  title = {Diagramas caja bigote},
	Url = {https://picandoconr.wordpress.com/2016/02/27/diagrama-de-cajas/},
	Year = 2019,
author = {}
}

@webpage{plot,
  title = {Edición de gráficos en R},
	Url = {https://rpubs.com/osoramirez/187766},
	Year = 2016,
author = {Oscar Ramírez-Alán}
}

@webpage{gamez,
  title = {p4},
	Url = {https://sourceforge.net/projects/simulacionr/files/P4/},
	Year = 2018,
author = {Aldo Gámez}
}

@webpage{serna,
  title = {Práctica 4},
	Url = {https://sourceforge.net/projects/simulacionenr/files/P4/},
	Year = 2018,
author = {Serna Mendoza, JA}
}

@webpage{voronoi,
  title = {Diagramas de voronoi},
	Url = {https://www.abc.es/ciencia/abci-diagrama-voronoi-forma-matematica-dividir-mundo-201704241101_noticia.html},
	Year = 2017,
author = {Clara Grima}
}

@webpage{dulce,
  title = {Repositorio simulación},
	Url = {https://github.com/DulceCarrasco/SimulacionNANO},
	Year = 2019,
author = {Dulce Carrasco}
}

@webpage{elisaweb5,
  title = {Práctica 5: {Método Monte-Carlo}},
	Url = {https://elisa.dyndns-web.com/teaching/comp/par/p5.html},
	Year = 2019,
author = {Elisa Schaeffer}
}

@webpage{monte,
  title = {{Método Monte-Carlo}},
	Url = {https://es.overleaf.com/learn/latex/Integrals,_sums_and_limits},
	Year = 2019,
author = {Ryan Moulton}
}

@webpage{wa,
  title = {{Wolfram Alpha}},
	Url = {https://www.wolframalpha.com},
	Year = 2019,
author = {Wolfram Alpha}
}

@webpage{elisaweb6,
  title = {Práctica 6: {Sistema multiagente}},
	Url = {https://elisa.dyndns-web.com/teaching/comp/par/p6.html},
	Year = 2019,
author = {Elisa Schaeffer}
}

@webpage{elisaweb7,
  title = {Práctica 7: {Búsqueda local}},
	Url = {https://elisa.dyndns-web.com/teaching/comp/par/p7.html},
	Year = 2019,
author = {Elisa Schaeffer}
}


@webpage{gif,
  title = {Práctica 7: {Búsqueda local}},
	Url = {https://media.giphy.com/media/3Hz3I7TsfkC32k0mEc/giphy.gif},
	Year = 2019,
author = {Dulce Carrasco}
}

@webpage{elisaweb8,
  title = {Práctica 8: {modelo de urnas}},
	Url = {https://elisa.dyndns-web.com/teaching/comp/par/p8.html},
	Year = 2019,
author = {Elisa Schaeffer}
}

@webpage{elisaweb9,
  title = {Práctica 9: {interacciones entre partículas}},
	Url = {https://elisa.dyndns-web.com/teaching/comp/par/p9.html},
	Year = 2019,
author = {Elisa Schaeffer}
}

@webpage{plot9,
  title = {Quick {R by DataCamp}},
	Url = {https://www.statmethods.net/graphs/scatterplot.html},
	Year = 2017,
author = {Robert Kabacoff}
}