@webpage{alexis,
  title = {{Package ‘dunn.test’}},
	Url = {https://cran.r-project.org/web/packages/dunn.test/dunn.test.pdf},
	Year = 2017,
author = {Alexis Dinno}
}

@webpage{elisaweb12,
  title = {Práctica 11: {Frentes de Pareto}},
	Url = {https://elisa.dyndns-web.com/teaching/comp/par/p12.html},
	Year = 2019,
author = {Elisa Schaeffer}
}
@webpage{mtz,
  title = {Práctica 12: {red neuronal}},
	Url = {https://github.com/angelesmttz/Simulacion/blob/master/P12/Reporte_12.pdf},
	Year = 2018,
author = {Ángeles Martínez}
}