@misc{elisaweb9,
  title = {Práctica 10: {Algoritmo genético}},
	Url = {https://elisa.dyndns-web.com/teaching/comp/par/p9.html},
	Year = 2019,
author = {Elisa Schaeffer}
}


@misc{plot9,
  title = {Quick {R by DataCamp}},
	Url = {https://www.statmethods.net/graphs/scatterplot.html},
	Year = 2017,
author = {Robert Kabacoff}
}

@misc{edson9,
  title = {Práctica 9},
	Url = {https://sourceforge.net/projects/systemssimulation/files/P9/},
	Year = 2019,
author = {Edson Cepeda}
}

@misc{elisaweb10,
  title = {Práctica 10: {Algoritmo genético}},
	Url = {https://elisa.dyndns-web.com/teaching/comp/par/p10.html},
	Year = 2019,
author = {Elisa Schaeffer}
}

@misc{yess10,
  title = {Práctica 10: {Algoritmo genético}},
	Url = {https://sourceforge.net/projects/simulacion-de-sistemas/},
	Year = 2018,
author = {Yessica Reyna}
}

@misc{elisaweb11,
  title = {Práctica 11: {Frentes de Pareto}},
	Url = {https://elisa.dyndns-web.com/teaching/comp/par/p11.html},
	Year = 2019,
author = {Elisa Schaeffer}
}

@misc{alexis11,
  title = {{Package ‘dunn.test’}},
	Url = {https://cran.r-project.org/web/packages/dunn.test/dunn.test.pdf},
	Year = 2017,
author = {Alexis Dinno}
}

@misc{elisaweb12,
  title = {Práctica 11: {Frentes de Pareto}},
	Url = {https://elisa.dyndns-web.com/teaching/comp/par/p12.html},
	Year = 2019,
author = {Elisa Schaeffer}
}

@misc{mtz12,
  title = {Práctica 12: {red neuronal}},
	Url = {https://github.com/angelesmttz/Simulacion/blob/master/P12/Reporte_12.pdf},
	Year = 2018,
author = {Ángeles Martínez}
}

@misc{saus,
author = {Pendiente},
year = 2019
}

@ARTICLE{art1,
author = {Salleh,M. and Mahmound, D.},
year = 2011,
title = {Cationic and anionic dye adsorption by agricultural solid wastes: A comprehensive review},
journal = {Desalination},
volume = 280,
pages = {1--13}
}

@ARTICLE{art2,
author = {Qiu, H. and Lv, L.},
year = 2009,
title = {Critical review in adsorption kinetic models. Journal of ZhejiangCatinic and anionic dye adsorption by agricultural solid wastes: A comprehensive review},
journal = {Journal of Zhejiang University-SCIENCE},
volume = 10,
pages = {716--724}
}
