
@webpage{elisaweb,
  title = {Practica3},
	Url = {https://elisa.dyndns-web.com/teaching/comp/par/p3.html},
	Year = 2019,
author = {Elisa Schaeffer}
}


@webpage{picandoconr,
  title = {},
	Url = {https://picandoconr.wordpress.com/2016/02/27/diagrama-de-cajas/},
	Year = 2019,
author = {}
}

@webpage{plot,
  title = {Edición de gráficos en R},
	Url = {https://rpubs.com/osoramirez/187766},
	Year = 2016,
author = {Oscar Ramírez-Alán}
}

@article{lol,
author = {Santa Claus},
title = {No más regalos},
year = 2009,
journal = {Journal of the North Pole},
volume = 32,
number = 2,
pages = {12--23}
}

