@webpage{elisaweb,
Date-Added = {2019-01-27 04:10:39 +0000},
Date-Modified = {2019-01-27 16:43:27 +0000},
Lastchecked = {13/12/2018.},
Month = {01},
Rating = {5},
Read = {1},
Url = {https://elisa.dyndns-web.com/teaching/comp/par/p1.html},
Year = {2019},
Bdsk-Url-1 = {https://elisa.dyndns-web.com/teaching/comp/par/p1.html}}


