
@webpage{elisaweb3,
  title = {Practica3},
	Url = {https://elisa.dyndns-web.com/teaching/comp/par/p3.html},
	Year = 2019,
author = {Elisa Schaeffer}
}

@webpage{elisaweb4,
  title = {Practica 4},
	Url = {https://elisa.dyndns-web.com/teaching/comp/par/p4.html},
	Year = 2019,
author = {Elisa Schaeffer}
}

@webpage{picandoconr,
  title = {Diagramas caja bigote},
	Url = {https://picandoconr.wordpress.com/2016/02/27/diagrama-de-cajas/},
	Year = 2019,
author = {}
}

@webpage{plot,
  title = {Edición de gráficos en R},
	Url = {https://rpubs.com/osoramirez/187766},
	Year = 2016,
author = {Oscar Ramírez-Alán}
}

@webpage{gamez,
  title = {p4},
	Url = {https://sourceforge.net/projects/simulacionr/files/P4/},
	Year = 2018,
author = {Aldo Gámez}
}

@webpage{serna,
  title = {Práctica 4},
	Url = {https://sourceforge.net/projects/simulacionenr/files/P4/},
	Year = 2018,
author = {Serna Mendoza, JA}
}

@webpage{voronoi,
  title = {Diagramas de voronoi},
	Url = {https://www.abc.es/ciencia/abci-diagrama-voronoi-forma-matematica-dividir-mundo-201704241101_noticia.html},
	Year = 2017,
author = {Clara Grima}
}

@webpage{dulce,
  title = {Repositorio simulación},
	Url = {https://github.com/DulceCarrasco/SimulacionNANO},
	Year = 2019,
author = {Dulce Carrasco}
}


@article{example,
author = {Santa Claus},
title = {No más regalos},
year = 2009,
journal = {Journal of the North Pole},
volume = 32,
number = 2,
pages = {12--23}
}

