
@webpage{elisaweb,
  title = {Practica2},
	Url = {https://elisa.dyndns-web.com/teaching/comp/par/p2.html},
	Year = 2019,
author = {Elisa Schaeffer}
}


@webpage{picandoconr,
  title = {},
	Url = {https://picandoconr.wordpress.com/2016/02/27/diagrama-de-cajas/},
	Year = 2019,
author = {}
}


